@misc{minizinc:2017,
  author = {Kim Marriott and Peter J. Stuckey},
  title = {A MiniZinc Tutorial},
  year = 2017
}

@ARTICLE{trabelsi:2012,
    author  = "Sarra Trabelsi and Rim Larbi and Atidel Hadj Alouane",
    title   = "Linear integer programming for the home health care problem",
    journal = "Business Process Management Workshops",
    year 	= "2012",
    pages 	= "143-151"
}

@ARTICLE{Kergosien:2009,
    title = "Home health care problem: An extended multiple Traveling Salesman Problem",
    author = "Yannick Kergosien and Christophe Lenté and Jean charles Billaut",
    year = "2009",
    journal = "Multidisciplinary International Conference on Scheduling:  Theory and Applications (MISTA 2009)"
}

@ARTICLE {Silva:2010,
    author  = "Kênia Lara Silva and Roseni Rosângela de Sena and Clarissa Terenzi Seixas and Laura Camargo Macruz Feuerwerker and Emerson Elias Merhy",
    title   = "Atenção domiciliar como mudança do modelo tecnoassistencial",
    journal = "Saúde Pública",
    year    = "2010",
    volume  = "44"
}
@ARTICLE {Decerle:2016,
    author  = "Jeremy Decerle and Olivier Grunder and Amir Hajjam El Hassani and Oussama Barakat",
    title   = "A two-phases matheuristic for the home care routing and scheduling problem",
    journal = "IFAC Papers OnLine",
    year    = "2016",
    volume  = "49",
    pages   = "1484-1489"
}

@ARTICLE {Bertels:2006,
    author  = "Stefan Bertels and Torsten Fahle",
    title   = "A hybrid setup for a hybrid scenario: Combining heuristics for the home health care problem",
    journal = "Computers \& Operations Research",
    year    = "2006",
    volume  = "33",
    number  = "10",
    pages   = "2866-2890"
}

@ARTICLE{Kitchenham:2007,
    title = "Guidelines for performing Systematic Literature Reviews in SE",
    year = "2007",
    journal = "Technical Report",
    author = "B Kitchenham and SCharters",
}
@ARTICLE{fikar:2016,
    author  = "Christian Fikar and authorPatrick Hirsch",
    title   = "Evaluation of trip and car sharing concepts for home health care services",
    journal = "Flexible Services and Manufacturing",
    year    = "2016",
    pages   = "1–20"
}

@ARTICLE {bachouch:2010,
    author  = "Rym Ben Bachouh and Alain Guinet and Sonia Hajri Gabouj",
    title   = "An optimization model for task assignment in home health care",
    journal = "Health Care Management (WHCM)",
    year    = "2010"
}

@ARTICLE{errarhout:2013,
    author  = "A. Errarhout and S. Kharraja and I. Zorkani",
    title   = "Caregivers' assignment problem in home health care structures",
    journal = "Industrial Engineering and Systems Management (IESM)",
    year    = "2013",
    number  = "14160472"
}
@ARTICLE{Solomon:1987,
    title = "Algorithms for the Vehicle Routing and Scheduling Problems with Time Window Constraints",
    year = "1987",
    journal = "Operations Research",
    author = "Marius M. Solomon",
    number = "2",
    pages = "254--265",
    volume = "35",
    doi = "10.1287/opre.35.2.254"
}
@ARTICLE{ceschia:2011,
    author  = "Sara Ceschia and Andrea Schaerf",
    title   = "Local Search and Lower Bounds for the Patient Admission Scheduling Problem",
    journal = "Computers and Operations Research",
    year    = "2011"
}
@ARTICLE{rasmussenm:2012,
    author  = "Matias Sevel Rasmussen and Tor Justesen and Anders Dohn and Jesper Larsen",
    title   = "The Home Care Crew Scheduling Problem: Preference-based visit clustering and temporal dependencies",
    journal = "European Journal of Operational Research",
    pages   = " 598-610",
    year    = "2012"
}   

@ARTICLE{tozlu:2016,
author  = "Basak Tozlu and Rebi Daldal and Tonguç Unluyurt.",
    title   = "Crew Constrained Home Care Routing Problem with Time Windows",
    journal = "Computational Intelligence",
    year    = "2016",
    pages   = "7-10"
}

@ARTICLE {mutingi:2013,
    author  = "M. Mutingi and C. Mbohwa",
    title   = "A fuzzy particle swarm optimization approach for task assignment in home health care",
    journal = "Industrial Engineering and Engineering Management (IEEM)",
    year    = "2013"
}

@ARTICLE {cattafi:2012,
    author  = "Massimiliano Cattafi and Rosa Herrero and Marco Gavanelli and Maddalena Nonato and Federico Malucelli and Juan José Ramos",
    title   = "Improving quality and efficiency in home health care: An application of constraint logic programming for the ferrara NHS unit",
    journal = " International Conference on Logic Programming (ICLP’12)",
    pages   = "15–424",
    year    = "2012"
}
@ARTICLE {trautsamwieser:2014,
    author  = "Andrea Trautsamwieser and Patrick Hirsch",
    title   = "A Branch-Price-and-Cut approach for solving the medium-term home health care planning problem",
    journal = "Networks",
    pages   = "143–159", 
    year    = "2014"
}
@ARTICLE {nguyen:2016,
    author  = "Thi Viet Ly Nguyen and Roberto Montemanni",
    title   = "Integrated home health care optimization via genetic algorithms and mathematical programming",
    journal = " Evolutionary Computation (CEC)",
    year    = "2016"
}

@ARTICLE {janwillem:2012,
    author  = "Jan-Willem van 't Klooster and Catherine Combes and Bert-Jan van Beijnum",
    title   = "Towards decision support for a home care services platform",
    journal = "WI\&C '12: Proceedings of the 4th International Workshop on Web Intelligence \& Communities",
    year    = "2012"
}

@ARTICLE {cheng:98,
    author  = "Eddie Cheng and Jennifer Lynn Rich",
    title   = "A Home Health Care Routing and Scheduling Problem",
    journal = "Technical Report",
    year    = "1998"
}

@book{Cormen:2009,
 author = {Cormen, Thomas H. and Leiserson, Charles E. and Rivest, Ronald L. and Stein, Clifford},
 title = {Introduction to Algorithms, Third Edition},
 year = {2009},
 isbn = {0262033844, 9780262033848},
 edition = {3rd},
 publisher = {The MIT Press},
} 

@BOOK {bertimas:97,
    author    = "Dimitris Bertsimas	and John Tsitsiklis",
    title     = "Introduction to Linear Optimization",
    publisher = "Athena Scientific",
    year      = "1997",
    edition   = "first"
}

@ARTICLE {desroches:88,
    author  = "Martin Desrochers's  and J. K. Lenstra and Martin Savelsbergh and  F. Soumis",
    title   = "Vehicle routing with time windows: Optimization and approximation",
    journal = "vehicle Routing: Method and Studies",
    year    = "1988"
}

@CONFERENCE {gambini:2017,
    author    = "Gomes R. and Toffolo T. and Santos H. and Oliveira Coelho N.",
    title     = "SOFTWARE WEB PARA O PROBLEMA DE ESCALONAMENTO DE ENFERMEIRAS",
    booktitle = "XLIX Simpósio Brasileiro de Pesquisa Operacional",
    year      = "2017"
}

@ARTICLE {gambini:2012,
    author  = "Haroldo Gambini Santos and Túlio A. M. Toffolo and Rafael A. M. Gomes and Rafael Henrique Vareto ",
    title   = "Heurísticas e Programação Inteira para o Problema das Enfermeiras",
    simposium = "Simposio Brasileiro de Pesquisa Operacional",
    year    = "2012"
}

@ARTICLE {Afifi:2015,
    author  = "Sohaib Afifi and uc-cuong Dang and  Aziz Moukrim",
    title   = "Heuristic solution for the vehicle routing problem with time window and syncronized visits	Sohaib afifi, Duc-Coung Dang, Aziz Moukrim",
    journal = "Optimization Letters",
    year    = "2015"
}

@ARTICLE {lenstra:1981,
    author  = "J. K. Lenstra and A. H. G. Rinnooy Kan",
    title   = "Complexity of vehicle routing and scheduling problems",
    journal = "Networks",
    year    = "1981"
}

@ARTICLE {cordeau:2007,
    author  = "Jean François Cordeau and Gilbert Laporte and Martin W P Savelsbergh and Daniele Vigo",
    title   = "Vehicle Routing",
    journal = "Handbooks in Operations Research and Management Science",
    year    = "2007",
    volume  = "14",
    pages   = "367-428"
}

@BOOK {rinaldi:1995,
    author    = "Michael Jünger and Gerhard Reinelt and Giovanni Rinaldi",
    title     = "Handbooks in OR \& MS",
    publisher = "Elsevier Science B.V.",
    year      = "1995",
    volume    = "7"
}

@ARTICLE {urrutia:2010,
    author  = "Rodrigo Ferreirada Silva and Sebastian Urrutia",
    title   = "A General VNS heuristic for the traveling salesman problem with time windows",
    journal = "DiscreteOptimization",
    year    = "2010",
    pages   = "203-2011"
}

@ARTICLE {blochiger:2003,
    author  = "Ivo Blochliger",
    title   = "Modeling staff scheduling problems. A tutorial",
    journal = "European Journal of Operational Researh",
    pages = "533-542",
    volume = "158",
    year    = "2003"
}

@ARTICLE {ullman:1975,
    author  = "J.D.Ullman",
    title   = "NP-complete scheduling problems",
    journal = "Journal of Computer and System Sciences",
    year    = "1975",
    volume  = "10",
    number  = "3",
    pages   = "384-393",
}

@ARTICLE {Beasley:1996,
    author  = "J.E.Beasley and B.Cao",
    title   = "A tree search algorithm for the crew scheduling problem",
    journal = "European Journal of Operational Research",
    year    = "1996",
    volume  = "94",
    pages   = "517-526"
}

@ARTICLE {feo:1995,
    author  = "Thomas A Feo and Mauricio G C Resende",
    title   = "Greedy Randomized Adaptative Search Procedures",
    journal = "Journal of Global Optimization",
    year    = "1995"
}

@BOOK {resende:2014,
    author    = "Mauricio G. C. Resende and Ceslso C. Ribeiro",
    title     = "Search Methodologies: Introductory Tutorials in Optimization and Decision Support Techniques",
    publisher = "Springer US",
    year      = "2014",
    edition   = "second"
}

@ARTICLE {yuan:2015,
    author  = "Zhi Yuan and Armin Fügenschuh",
    title   = "Home Health Care Scheduling: A Case Study",
    journal = "Angewandte Mathematik und Optimierung Schriftenreihe Applied Mathematics and Optimization Series",
    year    = "2015"
}

@ARTICLE {bard:2012,
    author  = "Jonathan F. Bard and Yufen Shao and Ahmad I. Jarrah",
    title   = "A sequential GRASP for the therapist routing and scheduling problem",
    journal = "Journal of Scheduling",
    year    = "2012"
}

@ARTICLE {glover:1990,
    author  = "Fred Glover",
    title   = "Tabu Search: A Tutorial",
    journal = "Interfaces",
    year    = "1990",
    pages   = "74-94"
}

@BOOK {marti:2013,
    author    = "Fred Glover and Rafael Martí",
    title     = "TABU SEARCH",
    publisher = "Springer",
    year      = "2013"
}

@ARTICLE {malhotra:2011,
    author  = "Rahul Malhotra and Narinder Singh and Yaduvir Singh",
    title   = "Genetic Algorithms: Concepts, Design for Optimization of Process Controllers",
    journal = "Computer and Information Science",
    year    = "2011",
    volume  = "4",
    number  = "2",
}

@ARTICLE {blum:2005,
    author  = "Christian Blum",
    title   = "Ant colony optimization: Introduction and recent trends",
    journal = "Physics of Life Reviews",
    year    = "2015",
    pages   = "353–373"
}

@ARTICLE {jean:1999,
    author  = "Jens Clausen",
    title   = "Branch and Bound Algorithms-Principles and Examples",
    journal = "Technical report",
    year    = "1999"
}

@ARTICLE {maria:2008,
    author  = "Maria Grazia Buscemi and Ugo Montanari",
    title   = "A survey of constraint-based programming paradigms",
    journal = "Computer Science Review",
    year    = "2008"
}

@BOOK {hoss:2005,
    author    = "Holger H. Hoos and Thomas Stützle",
    title     = "Stochastic L ocal S earch F oundations and A pplications",
    publisher = "Elsevier",
    year      = "2005"
}

@CONFERENCE {amin:1997,
    author    = "Shara Amin and J. L. Fernandez Villacaiias",
    title     = "Dynamic Local Search",
    booktitle = "Genetic Algorithms in Enbineering Systems: Innovations and Applications",
    year      = "1997",
    pages     = "129-133"
}

@ARTICLE {neri:2012,
    author  = "Ferrante Neri and Carlos Cotta",
    title   = "Memetic algorithms and memetic computing optimization:A literature review",
    journal = "Swarm and Evolutionary Computation",
    year    = "2012"
}

@ARTICLE {hansen:2001,
    author  = "Pierre Hansen  and Nenad Mladenović",
    title   = "Variable neighborhood search: Principles and applications",
    journal = "European Journal of Operational Research",
    year    = "2001",
    volume  = "130",
    pages   = "449-467"
}

@ARTICLE {burke:2013,
    author  = "Edmund K. Burke and Timothy Curtois and  Rong Qu and Greet Vanden Berghe",
    title   = "A Time Predefined Variable Depth Search for Nurse Rostering",
    journal = "INFORMS Journal on Computing",
    year    = "2013"
}

@ARTICLE {mansini:2016,
    author  = "Daniele Manerba and Renata Mansini",
    title   = "The Nurse Routing Problem with Workload Constraints and Incompatible Services",
    journal = "IFAC-Papers OnLine",
    year    = "2016",
    pages   = "1192-1197"
}

@ARTICLE {holm:2014,
    author  = "Solrun G Holm and Ragnhild O Angelsen",
    title   = "A descriptive retrospective study of time consumption in home care services: how do employees use their working time?",
    journal = "BMC Health Services Research",
    year    = "2014"
}

@ARTICLE {inafune:2016,
    author    = "Junya Inafune and Shinya Watanabe",
    title     = "The Effectiveness of Considering the Intrinsic Characteristics for Nurse Scheduling Problem",
    journal = "International Conference on Soft Computing and Intelligent Systems and 2016 17th International Symposium on Advanced Intelligent Systems",
    year      = "2016"
}

@ARTICLE {santos:2015,
    author  = "Diogo Santos and Pedro Fernandes and Henrique Lopes Cardoso and Eugénio Oliveira",
    title  	 = "A Weighted Constraint Optimization Approach to the Nurse Scheduling Problem",
    journal = "International Conference on Computational Science and Engineering",
    year    = "2015"
}

@ARTICLE{ohki:2011,
    author  = "Makoto Ohki and Hideaki Kinjo",
    journal   = "Penalty weight adjustment in cooperative GA for nurse scheduling",
    journal = " Nature and Biologically Inspired Computing (NaBIC)",
    year    = "2011"
}

@ARTICLE{ohki:2008,
    author    = "Makoto Ohki and Shin ya Uneme and Hikaru Kawano",
    title     = "Parallel processing of cooperative genetic algorithm for nurse scheduling",
    journal = "International IEEE Conference Intelligent Systems ",
    year      = "2008"
}

@ARTICLE{constantino:2011,
    author    = "Ademir A. Constantino and Everton Luiz de Melo and Dario Landa-Silva and Wesley Romão",
    title     = "A heuristic algorithm for nurse scheduling with balanced preference satisfaction",
    journal = "Computational Intelligence in Scheduling (SCIS)",
    year      = "2011"
}

@Article {baskaran:2014,
    author    = " Geetha Baskaran and Andrzej Bargiela and Rong Qu",
    title     = "New solution for a benchmark nurse scheduling problem using integer programming",
    Journal = "InInternational Conference on Information, Management Science and Application(ICIMSA 2014)",
    year      = "2014"
}

@misc{portaL:2017,
	author    = "fesfsus",
  title 	   = "vantagens e desvantagens",
  howpublished = {\url{http://portalhomecare.com.br}},
  note 	       = {Accessed: 2017-10-20}
}

@misc{HHC:2017,
  title 		= "Quem somos",
  howpublished 	= {\url{http://www.fesfsus.ba.gov.br/a-fundacao/quem-somos/}},
  note 			= {Accessed: 2017-10-20}
}

@misc{internacao,
  title 		= "Internação",
  howpublished 	= {\url{http://www.fesfsus.ba.gov.br/programas-e-servicos/internacao-domiciliar/}},
  note 			= {Accessed: 2017-10-20}
}

@ARTICLE{cares:2013,
    author    = "Juan Pablo Cares and Maria-Cristina Riff",
    title     = "A Collaborative Approach to Solve a Nurse Scheduling Problem",
    journal = "International Conference on Tools with Artificial Intelligence",
    year      = "2013"
}

@ARTICLE {awadallah:2011,
    author  = "Mohammed A. Awadallah and Ahamad Tajudin Khader and Mohammed Azmi Al-Betar and Asaju La'aro Bolaji",
    title   = "Hybrid Harmony Search for Nurse Rostering Problems",
    journal = "Computational Intelligence in Scheduling (SCIS)",
    year    = "2011"
}

@ARTCLE {Zen-El-Din:2012,
    author    = "Wisam K Zen El Din and Mohamed S A Kamel and Abdalla S A Mohamed",
    title     = "A binary integer programming for nurse scheduling",
    journal = " Biomedical Engineering Conference (CIBEC)",
    year      = "2012"
}

@ARTICLE {ahmet:2009,
    author  = "Omid Sharif and Ahmet Unveren and Adnan Acan",
    title   = "Evolutionary Multi-Objective optimization for nurse scheduling problem",
    journal = "Computing with Words and Perceptions in System Analysis",
    year    = "2009"
}

@ARTICLE {kundu:2008,
    author  = "Sudip Kundu and Sriyankar Acharyya",
    title   = "A SAT approach for solving the nurse scheduling problem",
    journal = "IEEE Region 10 Conference",
    year    = "2008"
}

@ARTICLE{yindong:2008,
    author    = "Shen Yindong and Chen Minghui and Deng Jie",
    title     = "Solving nurse scheduling problems aided by vectorization of matrices",
    journal = "Control and Decision Conference",
    year      = "2008"
}

@ARTICLE {gutjahra:2007,
    author  = "Walter J. Gutjahra and Marion S. Rauner",
    title   = "An ACO algorithm for a dynamic regional nurse-scheduling problem in Austria",
    journal = "Computers \& Operations Research",
    year    = "2007",
    volume  = "34",
    pages   = "642-666"
}

@ARTICLE {belien:2008,
    author  = "Jeroen Beliën and Erik Demeulemeester",
    title   = "A branch-and-price approach for integrating nurse and surgery scheduling",
    journal = "European Journal of Operational Research",
    year    = "2008"
}


@ARTICLE {cetin:2015,
    author  = "Ece Cetin and Ahmet Sarucan",
    title   = "Nurse scheduling using binary fuzzy goal programming",
    journal = "International Conference on Modeling, Simulation, and Applied Optimization (ICMSAO)",
    year    = "2015"
}

@ARTICLE {mutingi:2015,
    author  = "Michael Mutingi and Charles Mbohwa",
    title   = "A multi-criteria approach for nurse scheduling fuzzy simulated metamorphosis algorithm approach",
    journal = "Industrial Engineering and Operations Management",
    year    = "2015"
}

@ARTICLE {mozab:2007,
    author  = "Margarida Moz and Margarida Vaz Pat",
    title   = "A genetic algorithm approach to a nurse rerostering problem",
    journal = "Computers \& Operations Research",
    year    = "2007",
    pages   = "667-691"
}

@ARTICLE {wu:2015,
    author  = "Tai Hsi Wu and Jinn-YiYeh and Yueh Min Lee",
    title   = "A particle swarm optimization approach with refinement procedure for nurse rostering problem",
    journal = "Computers \& Operations Research",
    pages   = "52-63",
    year    = "2015"
}

@ARTICLE {valouxis:2012,
    author  = "Christos Valouxis and Christos Gogos and George Goulas and Panayiotis Alefragis and Efthymios Housos",
    title   = "A systematic two phase approach for the nurse rostering problem",
    journal = "European Journal of Operational Research",
    year    = "2012,"
}

@ARTICLE {lu:2012,
    author  = "Zhipeng Lu and Jin KaoHao",
    title   = "Adaptive neighborhood search for nurse rostering",
    journal = "European Journal of Operational Research",
    year    = "2012",
    pages   = "865-876"
}

@ARTICLE {maenhout:2011,
    author  = "Broos Maenhout and Mario Vanhoucke",
    title   = "An evolutionary approach for the nurse rerostering problem",
    journal = "Computers \& Operations Research",
    year    = "2011",
    volume  = "38",
    pages   = "1400-1411"
}

@ARTICLE {burke:2010,
    author  = "Edmund K Burke and Jingpeng Li and Rong Qu",
    title   = "A hybrid model of integer programming and variable neighbourhood search for highly-constrained nurse rostering problems",
    journal = "European Journal of Operational Research",
    volume = "203",
    pages  = "484-493",
    year    = "2010"
}

@CONFERENCE {pierre:2012,
    author    = "Jun He and Pierre Flener and  Justin Pearson",
    title     = "Solution neighbourhoods for constraint-directed local search",
    booktitle = "Proceedings of the 27th Annual ACM Symposium on Applied Computing",
    year      = "2012"
}

@ARTICLE {luna:2013,
    author  = "Francisco Luna and Alejandro Cervantes and Pedro Isasi",
    title   = "Large-Scale Home Care Crew Scheduling with a Parallel Evolutionary Algorithm",
    journal = "Eighth International Conference on P2P, Parallel, Grid, Cloud and Internet Computing",
    year    = "2013"
}

@ARTICLE {tsai:2009,
    author  = "Chang Chun Tsai and Sherman H A Li",
    title   = "A two-stage modeling with genetic algorithms for the nurse scheduling problem",
    journal = "Expert Systems with Applications",
    pages   = "9506-9512",
    year    = "2009"
}

@ARTICLE {topaloglu:2010,
    author  = "Seyda Topaloglu and Hasan Selim",
    title   = "Nurse scheduling using fuzzy modeling approach",
    journal = "Fuzzy Sets and Systems",
    pages   = "1543-1563",
    year    = "2010"
}

@ARTICLE{ioanis:2015,
    author  = "Ioannis X Tassopoulos and Ioannis P Solos and Grigorios N Beligiannis",
    title   = "A two phase adaptative variable neighborhood approach for nurse rostering",
    journal = "Computers \& Operations Research",
    pages = "150-16",
    year    = "2015"
}

@Article {gold:2008,
    author    = "Tonci Caric and Hrvoje Gold",
    title     = "Vehicle Routing Problem",
    journal	  = "In-teh",
    year      = "2008"
}

@ARTICLE {goyal:2010,
    author  = "Sanchit Goyal",
    title   = "A survey on travelling salesman problem",
    journal = "Midwest Instruction and Computing Symposium",
    year    = "2010"
}

@ARTICLE {laporte:1992,
    author  = "Gilbert Laporte",
    title   = "The traveling salesman problem: An overview of exact and approximate algorithms Author links open overlay panel",
    journal = "European Journal of Operational Research",
    year    = "1992",
    volume  = "59",
    pages   = "231-247"
}

@ARTICLE {gavish:1986,
    author  = "Bezalel Gavish and Kizhanathan Srikanth,",
    title   = "An optimal solution method for large-scale multiple traveling salesman problems",
    journal = "Operations Research",
    year    = "1986"
}

@Article {meng:2012,
    author    = "Hou Meng Shu  and Liu Dai Bo",
    title     = "A novel method for solving the multiple traveling salesmen problem with multiple depots",
    journal   = "Chinese Science Bulletin",
    pages     = "1886–1892",
    year      = "2012"
}

@ARTICLE {altamirano:2010,
    author  = "Leopoldo Altamirano and María-Cristina Riff and Lorraine Trilling",
    title   = "A PSO algorithm to solve a real anaesthesiology nurse scheduling problem",
    journal = "International Conference of Soft Computing",
    year    = "2010"
}

@BOOK {apt:2003,
 author = {Apt, Krzysztof},
 title = {Principles of Constraint Programming},
 year = {2003},
 publisher = {Cambridge University Press},
 address = {New York, NY, USA}
} 

@Article{schaerf:2015,
    author    = "Sara Ceschia and  Nguyen Thi Thanh Dang and Patrick De Causmaecker and Stefaan Haspeslagh and Andrea Schaerf",
    title     = "Second International Nurse Rostering Competition (INRC-II)",
    journal = "Annals of Operations Research",
    year      = "2015"
}